@article{marketResearch,
  title={Analysis of charitable activities of international organizations in modern conditions of society development},
  author={Kislyakova Maria Alexandrovna},
  journal={Economics and business},
  year={2014},
  keywords = {charity}
}

@book{design,
    title = {Designing Brand Identity},
    author = {Alina Wheeler},
    isbn = {1118980824},
    year = {2011},
    publisher = {Wiley},
    keywords = {design}
}
 
@online{lawRk,
    author = {KZ},
    title = {Law of RK},
    url  = {https://online.zakon.kz/},
    addendum = {(accessed: 01.01.2022)},
    keywords = {law}
}

@online{golang,
    author = {Site},
    title = {Golang},
    url  = {https://go.dev/},
    keywords = {golang}
}

@online{Java,
    author = {Site},
    title = {Java},
    url  = {https://www.java.com/ru/},
    keywords = {java}
}

@online{Retool,
    author = {Site},
    title = {Retool},
    url  = {https://retool.com/},
    keywords = {retool}
}

@online{Egov,
    author = {Site},
    title = {Charitable foundations of the Republic of Kazakhstan},
    url  = {https://egov.kz/cms/ru/articles/charity-foundation},
    keywords = {egov}
}